<?xml version="1.0" encoding="UTF-8"?><collection xmlns="http://www.loc.gov/MARC21/slim"><record><leader>00556nam--2200181-i-4500</leader><controlfield tag="001">000010275</controlfield><controlfield tag="002">20161230</controlfield><controlfield tag="005">20161230201028</controlfield><controlfield tag="008">060222s1000------------r-----000-0-eng-d</controlfield><datafield ind1=" " ind2=" " tag="040"><subfield code="a">IFIN-HH</subfield></datafield><datafield ind1=" " ind2=" " tag="080"><subfield code="a">530.1:539.171</subfield></datafield><datafield ind1="1" ind2=" " tag="100"><subfield code="a">Atkinson, D</subfield></datafield><datafield ind1="1" ind2="0" tag="245"><subfield code="a">Determination of the scattering amplitude from the differential cross-section and unitary</subfield><subfield code="c">D. atkinson, p.w. johnson, r.l. warnock</subfield></datafield><datafield ind1=" " ind2=" " tag="260"><subfield code="a">Groningen</subfield><subfield code="b">National Science Foundation</subfield><subfield code="c">1972</subfield></datafield><datafield ind1=" " ind2=" " tag="300"><subfield code="a">38P</subfield></datafield><datafield ind1="1" ind2=" " tag="700"><subfield code="a">Warnock, R.L</subfield></datafield><datafield ind1=" " ind2=" " tag="852"><subfield code="a">12163</subfield><subfield code="c">539.17</subfield></datafield><datafield ind1=" " ind2=" " tag="CAT"><subfield code="a">Sys</subfield><subfield code="c">20120528</subfield><subfield code="h">171036</subfield></datafield></record></collection>